@book{Kenneth-2016,
    author  = {{K. Lange}},
    title   = {MM Optimization Algorithms},
    year    = {2016},
   publisher = {Society for Industrial and Applied Mathematics (SIAM)},
   address = {Philadelphia}
}


@article{James-1964,
    author = {A. T. James},
    title = {Distributions of Matrix Variates and Latent Roots Derived from Normal Samples},
    volume = {35},
    journal = {Ann. Math. Statist.},
    number = {2},
    publisher = {Institute of Mathematical Statistics},
    pages = {475-501},
    year = {1964},
    doi = {10.1214/aoms/1177703550},
}

@book{Mehta-2004,
    title = {Random Matrices},
    author = {M. L. Mehta},
    publisher = {Academic Press},
    address = {New York},
    edition = {3},
    year = {2004},
    pages = {100-112}
}